<?xml version="1.0" encoding="UTF-8"?><collection xmlns="http://www.loc.gov/MARC21/slim"><record><leader>00378nam--2200133-i-4500</leader><controlfield tag="001">000012288</controlfield><controlfield tag="002">20161230</controlfield><controlfield tag="005">20161230201029</controlfield><controlfield tag="008">060222s1000------------r-----000-0-eng-d</controlfield><datafield ind1=" " ind2=" " tag="080"><subfield code="a">541.1</subfield></datafield><datafield ind1=" " ind2=" " tag="100"><subfield code="a">Barrow, G.M</subfield></datafield><datafield ind1=" " ind2=" " tag="245"><subfield code="a">Chimie physique tome 2: cinetique chimique, etats condenses de la matiere, equilibres-electrolytes</subfield></datafield><datafield ind1=" " ind2=" " tag="260"><subfield code="a">Paris, Masson, 1976 546 P</subfield></datafield><datafield ind1=" " ind2=" " tag="852"><subfield code="a">45292</subfield></datafield></record></collection>